
    <zs:record>
      <zs:recordSchema/>
      <zs:recordPacking>xml</zs:recordPacking>
      <zs:recordData>
        <record xmlns="http://www.loc.gov/MARC21/slim">
          <leader>01468ckm a22003137a 4500</leader>
          <controlfield tag="001">11776971</controlfield>
          <controlfield tag="005">20021110182115.0</controlfield>
          <controlfield tag="007">kj|bo|</controlfield>
          <controlfield tag="008">990818s189u    enknnn       |    kneng  </controlfield>
          <datafield tag="035" ind1=" " ind2=" ">
            <subfield code="a">(DLC)11776971</subfield>
          </datafield>
          <datafield tag="035" ind1=" " ind2=" ">
            <subfield code="a">(DLC)   99471601</subfield>
          </datafield>
          <datafield tag="906" ind1=" " ind2=" ">
            <subfield code="a">7</subfield>
            <subfield code="b">cbc</subfield>
            <subfield code="c">orignew</subfield>
            <subfield code="d">u</subfield>
            <subfield code="e">ncip</subfield>
            <subfield code="f">19</subfield>
            <subfield code="g">y-printpho</subfield>
          </datafield>
          <datafield tag="955" ind1=" " ind2=" ">
            <subfield code="a">in P&amp;P BAR 07-13-99; to Exhibit loan 07-13-99;</subfield>
          </datafield>
          <datafield tag="010" ind1=" " ind2=" ">
            <subfield code="a">   99471601 </subfield>
          </datafield>
          <datafield tag="037" ind1=" " ind2=" ">
            <subfield code="a">LC-USZC4-6888</subfield>
            <subfield code="b">DLC</subfield>
            <subfield code="c">(color film copy transparency)</subfield>
          </datafield>
          <datafield tag="040" ind1=" " ind2=" ">
            <subfield code="a">DLC</subfield>
            <subfield code="c">DLC</subfield>
            <subfield code="e">gihc</subfield>
          </datafield>
          <datafield tag="050" ind1="0" ind2="0">
            <subfield code="a">POS - Gt Brit .A53,</subfield>
            <subfield code="b">no. 1</subfield>
          </datafield>
          <datafield tag="100" ind1="1" ind2=" ">
            <subfield code="a">Harding, Emily J.,</subfield>
            <subfield code="e">artist.</subfield>
          </datafield>
          <datafield tag="245" ind1="1" ind2="0">
            <subfield code="a">Convicts lunatics and women! Have no vote for parliament</subfield>
            <subfield code="h">[graphic] :</subfield>
            <subfield code="b">She: Is it time I got out of this place - Where shall I find the KEY? /</subfield>
            <subfield code="c">Emily J. Harding Andrews.</subfield>
          </datafield>
          <datafield tag="260" ind1=" " ind2=" ">
            <subfield code="b">Published by the Artists' Suffrage League,</subfield>
            <subfield code="c">[189-]</subfield>
            <subfield code="e">(Acton :</subfield>
            <subfield code="f">Printed by Weiners)</subfield>
          </datafield>
          <datafield tag="300" ind1=" " ind2=" ">
            <subfield code="a">1 print (poster) :</subfield>
            <subfield code="b">lithograph.</subfield>
          </datafield>
          <datafield tag="520" ind1="0" ind2=" ">
            <subfield code="a">Poster shows a woman wearing cap and gown standing inside locked gates with a convict and a "lunatic"; two books lean against the gate from the outside.</subfield>
          </datafield>
          <datafield tag="650" ind1=" " ind2="7">
            <subfield code="a">Women's suffrage</subfield>
            <subfield code="z">England</subfield>
            <subfield code="y">1890-1900.</subfield>
            <subfield code="2">lctgm</subfield>
          </datafield>
          <datafield tag="655" ind1=" " ind2="7">
            <subfield code="a">Posters</subfield>
            <subfield code="x">British</subfield>
            <subfield code="y">1890-1900.</subfield>
            <subfield code="2">gmgpc</subfield>
          </datafield>
          <datafield tag="655" ind1=" " ind2="7">
            <subfield code="a">Lithographs</subfield>
            <subfield code="y">1890-1900.</subfield>
            <subfield code="2">gmgpc</subfield>
          </datafield>
          <datafield tag="852" ind1=" " ind2=" ">
            <subfield code="a">Library of Congress</subfield>
            <subfield code="b">Prints and Photographs Division</subfield>
            <subfield code="e">Washington, D.C. 20540 USA</subfield>
            <subfield code="n">dcu</subfield>
          </datafield>
          <datafield tag="856" ind1="4" ind2="1">
            <subfield code="3">color film copy transparency</subfield>
            <subfield code="d">cph</subfield>
            <subfield code="f">3g06888</subfield>
            <subfield code="u">http://hdl.loc.gov/loc.pnp/cph.3g06888</subfield>
          </datafield>
          <datafield tag="985" ind1=" " ind2=" ">
            <subfield code="a">pp/pos</subfield>
          </datafield>
          <datafield tag="991" ind1=" " ind2=" ">
            <subfield code="b">c-P&amp;P</subfield>
            <subfield code="m">(C size)</subfield>
            <subfield code="v">obj.</subfield>
          </datafield>
        </record>
      </zs:recordData>
      <zs:recordPosition>7</zs:recordPosition>
    </zs:record>
  </zs:records>
  <zs:echoedSearchRetrieveRequest>
    <zs:version>1.1</zs:version>
    <zs:query>dc.creator="Harding, Emily" or dc.creator="Andrews, Emily J." or dc.creator="Andrews, Emily Jane" or dc.creator="Harding, Emily Jane"</zs:query>
    <zs:maximumRecords>100</zs:maximumRecords>
    <zs:recordPacking>xml</zs:recordPacking>
  </zs:echoedSearchRetrieveRequest>
</zs:searchRetrieveResponse>
